<?xml version="1.0" encoding="UTF-8"?><collection xmlns="http://www.loc.gov/MARC21/slim"><record><leader>00438nam--2200133-i-4500</leader><controlfield tag="001">000022722</controlfield><controlfield tag="002">20161230</controlfield><controlfield tag="005">20161230201034</controlfield><controlfield tag="008">060222s1000------------r-----000-0-eng-d</controlfield><datafield ind1=" " ind2=" " tag="080"><subfield code="a">621.374</subfield></datafield><datafield ind1=" " ind2=" " tag="100"><subfield code="a">Giesl, Bruno</subfield></datafield><datafield ind1=" " ind2=" " tag="245"><subfield code="a">Eine digitale messanlage,die in kleinen zeitabstanden viele messwerte gleichzeitig erfasst und uber ein langsames ausgabegerat wiedergibt</subfield></datafield><datafield ind1=" " ind2=" " tag="260"><subfield code="a">Stuttgart,Technische Hochschule, 1967. 106p</subfield></datafield><datafield ind1=" " ind2=" " tag="852"><subfield code="a">28271</subfield></datafield></record></collection>